=LDR  01815cas a2200469 i 4500
=001  020577056
=003  Uk
=005  20220504094048.0
=006  m\\\\\|\\d\|\\\\\\
=007  cr\|||||||||||
=008  220504c20uu9999ie\mr\p\o\\\\\0\\\a0eng\\
=FMT  \\$a  SE
=040  \\$aUk$beng$cUk$erda
=042  \\$aukblsr
=082  04$a929.20899162$223
=130  0\$aBulletin (Irish Genealogical Research Society)
=245  10$aBulletin :$bmonthly research update exclusively for IGRS members /$cIrish Genealogical Research Society.
=246  13$aIGRS bulletin
=264  \1$aDublin :$bIrish Genealogical Research Society
=300  \\$billustrations (black and white, and colour), maps (colour)
=310  \\$aMonthly
=336  \\$atext$2rdacontent
=337  \\$acomputer$2rdamedia
=338  \\$aonline resource$2rdacarrier
=588  \\$aDescription based on: April 2022 issue ; title from PDF cover.
=610  20$aIrish Genealogical Research Society$vPeriodicals.
=650  \0$aIrish$xGenealogy$vPeriodicals.
=651  \0$aIreland$xGenealogy$vPeriodicals.
=710  2\$aIrish Genealogical Research Society,$eissuing body.
=780  00$tIrish Genealogical Research Society
=856  4\$uhttps://www.irishancestors.ie/$zTo subscribe
=859  \\$aELD$bejournal
=852  41$aBritish Library$bHMNTS
=985  \\$aApril 2022 issue viewed as supplied PDF only
=985  \\$aWFH record (CS) 2022
=CAT  \\$a8124$b40$c20220504$lBLL01$h0930
=CAT  \\$a8124$b40$c20220504$lBLL01$h0932
=CAT  \\$a8124$b40$c20220504$lBLL01$h0940
=FIN  \\$aY$d20220504
=LET  \0$aBulletin - Irish Genealogical Research Society (Electronic)
=LKR  \\$aPAR$b018337676$lBLL01$r78000$mBulletin (Irish Genealogical Research Society)$nIrish Genealogical Research Society
=LAS  \\$a8124$b40$c20220504$lBLL01$h0940

