=LDR  01414 as a2200361 i 4500
=001  019403605
=003  Uk
=005  20190515142800.0
=006  m\\\\\|\\d\|\\\\\\
=007  cr\|||||||||||
=008  190515c2uuu9999enkuu\\\o\\\\\0\\\a0eng\\
=FMT  \\$a  SE
=015  \\$aGBB990383$2bnb
=040  \\$aUk$beng$cUk$erda
=042  \\$aukblsr
=082  04$a371.071242$223
=110  2\$aCatholic Education Service,$eauthor.
=245  10$aStrategic plan /$cCatholic Education Service.
=264  \1$a[London] :$bCatholic Education Service
=336  \\$atext$2rdacontent
=337  \\$acomputer$2rdamedia
=338  \\$aonline resource$2rdacarrier
=588  \\$aDescription based on: 2015/2018 issue; title from PDF cover (publisher's Web site, viewed May 15, 2019).
=610  20$aCatholic Education Service$xPlanning$vPeriodicals.
=856  40$uhttp://www.catholiceducation.org.uk/about-us/publications$zFollow links to resource
=859  \\$aELD$bejournal
=852  41$aBritish Library$bHMNTS$3(2015/2018)-
=985  \\$aUnclear whether likely to be updated every year or every 3 years, but probably best as a serial, as we'll be more likely to collect future issues that way.
=CAT  \\$a3072$b40$c20190515$lBLL01$h1423
=CAT  \\$a3072$b40$c20190515$lBLL01$h1428
=FIN  \\$aY$d20190515
=LET  \0$aStrategic plan - Catholic Education Service (Electronic)
=LAS  \\$a3072$b40$c20190515$lBLL01$h1428

