=LDR  01574 as a2200433 i 4500
=001  018153937
=003  Uk
=005  20181213073212.0
=006  m5\d\\|\\d\|\\\\\\
=007  cr\|||||||||||
=008  161221c20159999at\ar\p\o\\\\\0\\\a0eng\\
=FMT  \\$a  SE
=020  \\$a(Loose-leaf)
=040  \\$aUk$beng$cUk$erda
=042  \\$aukblsr
=082  04$a327.172$223
=245  00$aPositive peace report :$bconceptualising and measuring the attitudes, institutions and structures that build a more peaceful society.
=264  \1$a[Sydney] :$bInstitute for Economics and Peace
=300  \\$av. (loose-leaf)$billustrations (colour)
=310  \\$aAnnual
=336  \\$atext$2rdacontent
=337  \\$acomputer$2rdamedia
=338  \\$aonline resource$2rdacarrier
=362  0\$a2015-
=500  \\$aTitle from PDF cover (Insitute for Economics & Peace Web site, viewed December 21, 2016).
=588  \\$aLatest issue consulted: 2016 (viewed December 21, 2016).
=650  \0$aPeace$xEconomic aspects$vPeriodicals.
=650  \0$aPeace-building$vPeriodicals.
=710  2\$aInstitute for Economics & Peace,$eissuing body.
=856  4\$uhttp://economicsandpeace.org/reports/$zFollow links to resource
=859  \\$aELD$bejournal
=852  41$aBritish Library$bHMNTS
=CAT  \\$a8483$b40$c20161221$lBLL01$h1550
=CAT  \\$a8311$b40$c20161222$lBLL01$h0907
=CAT  \\$aW1711-1005$c20171206$lBLL01$h1830
=CAT  \\$a8871$b40$c20181213$lBLL01$h0732
=FIN  \\$aY$d20161221
=LET  \0$aPositive peace report (Electronic)
=LAS  \\$a8871$b40$c20181213$lBLL01$h0732

