=LDR  01645cas a2200517 i 4500
=001  020115393
=003  Uk
=005  20221118151423.0
=006  m\\\\\\\\d\|\\\\\\
=007  cr\|||||||||||
=008  210224c20219999enkqr\p\o\\\\\0\\\a0ita\\
=FMT  \\$a  SE
=015  \\$aGBC158785$2bnb
=022  0\$a2753-9733$y2043-6629$202
=040  \\$aUk$beng$cUk$dUk$erda
=042  \\$aissnuk$aukblsr
=082  04$a910.405$223
=222  \0$aTravel academy
=245  00$aTravel academy :$bil magazine dei grandi viaggiatori.
=250  \\$aEdizione italiana.
=264  \1$aLondon :$bEditore Palidano,$c2021-
=300  \\$billustrations (colour)
=310  \\$aQuarterly
=336  \\$atext$2rdacontent
=337  \\$acomputer$2rdamedia
=338  \\$aonline resource$2rdacarrier
=362  0\$a1 (2021)-
=546  \\$aIn Italian.
=588  \\$aTtitle from PDF cover (viewed February 24, 2021).
=650  \0$aTravel$vPeriodicals.
=650  \0$aVacations$vPeriodicals.
=856  4\$uhttps://palidano.com/
=856  40$uhttps://issuu.com/travelacademy
=859  \\$aELD$bejournal
=852  41$aBritish Library$bHMNTS$3Number 1(2021)-Number 3(2021)
=CAT  \\$a10806$b40$c20210224$lBLL01$h0756
=CAT  \\$a10806$b40$c20210224$lBLL01$h0758
=CAT  \\$a3072$b40$c20210419$lBLL01$h0942
=CAT  \\$a3072$b40$c20210419$lBLL01$h0954
=CAT  \\$a3072$b40$c20210419$lBLL01$h1104
=CAT  \\$a3072$b40$c20210419$lBLL01$h1106
=CAT  \\$a3072$b40$c20210419$lBLL01$h1456
=CAT  \\$a8483$b40$c20221118$lBLL01$h1514
=FIN  \\$aY$d20210224
=LET  \0$aTravel academy (Electronic)
=LAS  \\$a8483$b40$c20221118$lBLL01$h1514

