=LDR  01639 as a2200469 i 4500
=001  018903891
=003  Uk
=005  20180612142934.0
=006  m\\\\\|\\d\|\\\\\\
=007  cr\|||||||||||
=008  180612c20149999enkmr\p\o\\\\\0\\\a0eng\\
=FMT  \\$a  SE
=040  \\$aUk$beng$cUk$erda
=042  \\$aukblsr
=082  04$a052.09422162$223
=130  0\$aVantage point magazine (Guildford & Villages edition)
=245  10$aVantage point magazine.
=246  1\$iMinor title change:$aVantage point,$fMarch 2016-
=246  3\$aVantagepoint magazine
=250  \\$aGuildford & Villages.
=264  \1$aGodalming, Surrey :$bVantage Publishing
=300  \\$billustrations (colour)
=310  \\$aMonthly
=336  \\$atext$2rdacontent
=337  \\$acomputer$2rdamedia
=338  \\$aonline resource$2rdacarrier
=362  0\$aJanuary 2014-
=500  \\$aTitle from PDF cover (Vantage Point magazine, viewed June 12, 2018).
=530  \\$aAlso issued in print.
=588  \\$aLatest issue consulted: May 2018 (viewed June 12, 2018).
=651  \0$aGuildford Region (England)$xSocial life and customs$vPeriodicals.
=856  40$uhttps://www.vantagepointmag.co.uk/guildford-editions/
=856  40$uhttps://issuu.com/vantagepointmagazine
=859  \\$aELD$bejournal
=852  41$aBritish Library$bHMNTS
=CAT  \\$a8483$b40$c20180612$lBLL01$h1030
=CAT  \\$a8483$b40$c20180612$lBLL01$h1031
=CAT  \\$a8483$b40$c20180612$lBLL01$h1039
=CAT  \\$a8483$b40$c20180612$lBLL01$h1429
=FIN  \\$aY$d20180612
=LET  \0$aVantage Point (Guildford & Villages edition : Electronic)
=LAS  \\$a8483$b40$c20180612$lBLL01$h1429

