=LDR  01629 as a2200457 i 4500
=001  018903937
=003  Uk
=005  20180612121907.0
=006  m\\\\\|\\d\|\\\\\\
=007  cr\|||||||||||
=008  180612d20142016enkmr\p\o\\\\\0\\\a0eng\\
=FMT  \\$a  SE
=040  \\$aUk$beng$cUk$erda
=042  \\$aukblsr
=082  04$a052.09422165$223
=130  0\$aVantage point magazine (Dorking & Villages edition)
=245  10$aVantage point magazine.
=246  1\$iMinor title change:$aVantage point,$fMarch 2016-
=246  3\$aVantagepoint magazine
=250  \\$aDorking & Villages.
=264  \1$aGodalming, Surrey :$bVantage Publishing
=300  \\$billustrations (colour)
=310  \\$aMonthly
=336  \\$atext$2rdacontent
=337  \\$acomputer$2rdamedia
=338  \\$aonline resource$2rdacarrier
=362  0\$aApril 2014-September 2016.
=500  \\$aTitle from PDF cover (Vantage Point website, viewed June 11, 2018).
=530  \\$aAlso issued in print.
=588  \\$aLatest issue consulted: September 2016 (viewed June 11, 2018).
=651  \0$aDorking Region (England)$xSocial life and customs$vPeriodicals.
=785  00$tVantage point (Dorking & Leatherhead edition)
=856  40$uhttps://www.vantagepointmag.co.uk/dorking-and-leatherhead-editions/
=856  40$uhttps://issuu.com/vantagepointmagazine
=859  \\$aELD$bejournal
=852  41$aBritish Library$bHMNTS
=CAT  \\$a8483$b40$c20180612$lBLL01$h1148
=CAT  \\$a8483$b40$c20180612$lBLL01$h1219
=FIN  \\$aY$d20180612
=LET  \0$aVantage point (Dorking & Villages edition : Electronic)
=LAS  \\$a8483$b40$c20180612$lBLL01$h1219

