=LDR  01757 as a2200469 i 4500
=001  018903963
=003  Uk
=005  20180612122220.0
=006  m\\\\\|\\d\|\\\\\\
=007  cr\|||||||||||
=008  180612c20169999enkmr\p\o\\\\\0\\\a0eng\\
=FMT  \\$a  SE
=040  \\$aUk$beng$cUk$erda
=042  \\$aukblsr
=082  04$a052.09422165$223
=130  0\$aVantage point (Dorking & Leatherhead edition)
=245  10$aVantage point.
=246  3\$aVantagePoint
=250  \\$aDorking & Leatherhead.
=264  \1$aGodalming, Surrey :$bVantage Publishing
=300  \\$billustrations (colour)
=310  \\$aMonthly
=336  \\$atext$2rdacontent
=337  \\$acomputer$2rdamedia
=338  \\$aonline resource$2rdacarrier
=362  0\$aOctober 2016-
=500  \\$aTitle from PDF (Vantage Point Web site, viewed June 12, 2018).
=530  \\$aAlso issued in print.
=588  \\$aLatest issue consulted: May 2018 (viewed June 12, 2018).
=651  \0$aDorking Region (England)$xSocial life and customs$vPeriodicals.
=651  \0$aLeatherhead Region (England)$xSocial life and customs$vPeriodicals.
=780  00$tVantage point magazine (Dorking & Villages edition)
=856  40$uhttps://www.vantagepointmag.co.uk/dorking-and-leatherhead-editions/
=856  40$uhttps://issuu.com/vantagepointmagazine
=859  \\$aELD$bejournal
=852  41$aBritish Library$bHMNTS
=CAT  \\$a8483$b40$c20180612$lBLL01$h1216
=CAT  \\$a8483$b40$c20180612$lBLL01$h1222
=FIN  \\$aY$d20180612
=LET  \0$aVantage Point (Dorking & Leatherhead edition : Electronic)
=LKR  \\$aPAR$b018903937$lBLL01$r78000$mVantage point (Dorking & Leatherhead edition)$nVantage point magazine (Dorking & Villages edition)
=LAS  \\$a8483$b40$c20180612$lBLL01$h1222

